<record xmlns="http://www.loc.gov/MARC21/slim" xmlns:xsi="http://www.w3.org/2001/XMLSchema-instance" xsi:schemaLocation="http://www.loc.gov/MARC21/slim http://www.loc.gov/standards/marcxml/schema/MARC21slim.xsd">

  <leader>00857nam a2200205   4500</leader>
  <datafield ind2=" " tag="999" ind1=" ">
    <subfield code="c">3535</subfield>
    <subfield code="d">3535</subfield>
  </datafield>
  <controlfield tag="008">180702b2014    ag a|||| |||| 00| | spa d</controlfield>
  <datafield tag="020" ind1=" " ind2=" ">
    <subfield code="a">9789500010474</subfield>
  </datafield>
  <datafield ind2=" " ind1=" " tag="090">
    <subfield code="a">06.03.07</subfield>
    <subfield code="b">2459</subfield>
  </datafield>
  <datafield tag="100" ind1=" " ind2=" ">
    <subfield code="9">3888</subfield>
    <subfield code="a">Barrionuevo, Cristian Ariel</subfield>
  </datafield>
  <datafield ind2="4" tag="245" ind1="1">
    <subfield code="a">Los movimientos en el planeta tierra /</subfield>
    <subfield code="c">Cristian Ariel Barrionuevo, Bibiana Alicia Ayuso, Natalia Alejandra Navarro Becerra, Ángel Alejandro Baldovino,  María Julia Solari</subfield>
  </datafield>
  <datafield ind2=" " ind1=" " tag="260">
    <subfield code="a">[Buenos Aires, Argentina] :</subfield>
    <subfield code="b">Ministerio de Educación de la Nación,</subfield>
    <subfield code="c">[2014]</subfield>
  </datafield>
  <datafield ind2=" " tag="300" ind1=" ">
    <subfield code="a">135 páginas;</subfield>
    <subfield code="b">ilustraciones</subfield>
  </datafield>
  <datafield tag="490" ind1=" " ind2=" ">
    <subfield code="a">Escritura en ciencias,</subfield>
    <subfield code="v">18</subfield>
  </datafield>
  <datafield ind1="1" tag="650" ind2="4">
    <subfield code="9">996</subfield>
    <subfield code="a">ENSEÑANZA DE LAS CIENCIAS </subfield>
  </datafield>
  <datafield tag="700" ind1=" " ind2=" ">
    <subfield code="9">3889</subfield>
    <subfield code="a">Ayuso, Bibliana Alicia</subfield>
  </datafield>
  <datafield tag="700" ind1=" " ind2=" ">
    <subfield code="9">3820</subfield>
    <subfield code="a">Navarro Becerra, Natalia Alejandra </subfield>
  </datafield>
  <datafield ind1=" " tag="700" ind2=" ">
    <subfield code="9">3890</subfield>
    <subfield code="a">Baldovino, Ángel Alejandro </subfield>
  </datafield>
  <datafield ind1=" " tag="700" ind2=" ">
    <subfield code="9">3891</subfield>
    <subfield code="a">Solari, María Julia </subfield>
  </datafield>
  <datafield ind2=" " ind1=" " tag="942">
    <subfield code="2">z</subfield>
    <subfield code="c">01</subfield>
  </datafield>
</record>